\usepackage{url}
@article{abdel20113d,
  title={3D Laser Scanners: History, Applications, and Future},
  author={Abdel-Bary Ebrahim, Mostafa},
  journal={$\tau$ $\chi$. October},
  volume={2014},
  pages={5},
  year={2011}
}
@article{mikulski2013metody,
  title={Metody triangulacji laserowej w skanerach tr{\'o}jwymiarowych},
  author={Mikulski, Stanis{\l}aw},
  journal={Poznan University of Technology Academic Journals. Electrical Engineering},
  pages={240-245},
  year={2013}
}
@article{nowacki2018pomiar,
  title={Pomiar odkszta{\l}ce{\'n} spawalniczych metodami skanowania 3D},
  author={Nowacki, Jerzy and Sieczkiewicz, Norbert and Noco{\'n}, Micha{\l}},
  journal={Badania Nieniszcz{\k{a}}ce i Diagnostyka},
   pages={4-5},
  year={2018}
}
@article{glowienka2015fotogrametria,
  title={Fotogrametria i skaning laserowy w modelowaniu 3D},
  author={G{\l}owienka, Ewa and Jankowicz, Bogdan and Kwoczy{\'n}ska, Bogus{\l}awa and Kuras, Przemys{\l}aw and Micha{\l}owska, Krystyna and Mikrut, S{\l}awomir and Moskal, Agnieszka and Piech, Izabela and Strach, Micha{\l} and Sroka, Jakub},
  journal={WSIE, Rzesz{\'o}w},
  pages={118-119},
  year={2015}
}
@article{goszczynska2014doswiadczalna,
  title={Do{\'s}wiadczalna analiza odkszta{\l}ce{\'n} przestrzennych belek {\.z}elbetowych z zastosowaniem skanera optycznego 3D},
  author={Goszczy{\'n}ska, Barbara and Tr{\k{a}}mpczy{\'n}ski, Wies{\l}aw and Bacharz, Kamil and Bacharz, Magdalena and Tworzewska, Justyna and Tworzewski, Pawe{\l}},
  journal={In{\.z}ynieria i Budownictwo},
  volume={70},
  number={3},
  pages={156--159},
  year={2014}
}
@article{tomaka20053d,
  title={3D Head surface scanning techniques for orthodontics},
  author={Tomaka, Agnieszka and Luchowski, Leszek and Skabek, Krzysztof and Tarnowski, M},
  journal={Journal of Medical Informatics \& Technologies},
  volume={9},
  pages={124--130},
  year={2005}
}
@article{thali2003optical,
  title={Optical 3D surface digitizing in forensic medicine: 3D documentation of skin and bone injuries},
  author={Thali, Michael J and Braun, Marcel and Dirnhofer, Richard},
  journal={Forensic science international},
  volume={137},
  number={2-3},
  pages={203--208},
  year={2003},
  publisher={Elsevier}
}
@article{mcmenamin2014production,
  title={The production of anatomical teaching resources using three-dimensional (3D) printing technology},
  author={McMenamin, Paul G and Quayle, Michelle R and McHenry, Colin R and Adams, Justin W},
  journal={Anatomical sciences education},
  volume={7},
  number={6},
  pages={479--486},
  year={2014},
  publisher={Wiley Online Library}
}
@article{anders2012zastosowanie,
  title={Zastosowanie skanera 3D do pomiar{\'o}w cech geometrycznych produkt{\'o}w spo{\.z}ywczych na przyk{\l}adzie pieczywa typu" kajzerka" i" minikajzerka"},
  author={Anders, Andrzej and Kaliniewicz, Zdzis{\l}aw and Markowski, Piotr},
  journal={Post{\k{e}}py Techniki Przetw{\'o}rstwa Spo{\.z}ywczego},
  pages={22--26},
  year={2012}
}
@article{Wrona_Piotrowska_2015,
title={Nowe metody skanowania 3d na potrzeby inwentaryzacji geometrycznej pojazdów},
volume={R. 22, nr 12},
ISSN={1232-3829}, 
journal={TTS Technika Transportu Szynowego}, 
author={Wrona, M. and Piotrowska, W.},
year={2015},
pages={1692–1695, 
CD}}
@article{wehr1999airborne,
  title={Airborne laser scanning—an introduction and overview},
  author={Wehr, Aloysius and Lohr, Uwe},
  journal={ISPRS Journal of photogrammetry and remote sensing},
  volume={54},
  number={2-3},
  pages={68--82},
  year={1999},
  publisher={Elsevier}
}
@manual{introToLidar,
  title  = "Introduction to LiDAR",
  author = " Andrew Bell, Brad Chambers, Howard Butler, and others",
  url    = "https://pdal.io/workshop/lidar-introduction.html",
  year   = "2010 (accessed July 29, 2020)"
}
@article{articleLidar,
author = {Yoon, Heesun and Song, Hajun and Park, Kyihwan},
year = {2011},
month = {07},
pages = {075108},
title = {A phase-shift laser scanner based on a time-counting method for high linearity performance},
volume = {82},
journal = {The Review of scientific instruments},
doi = {10.1063/1.3600456}
}
@manual{usageOfLidar,
  title  = "Time-of-Flight vs. Phase-Based Laser Scanners: Right Tool for the Job",
  author = "SPAR 3D",
  url    = "https://www.spar3d.com/news/related-new-technologies/time-of-flight-vs-phase-based-laser-scanners-right-tool-for-the-job/",
  year   = "2004 (accessed July 29, 2020)"
}
@manual{farofocusDatasheet,
  title  = "FARO Focus specyfikacja techniczna",
  author = "FARO",
  year   = "2017"
}
@manual{siabDatasheet,
  title  = "SIAB STRUCTURED LIGHT 3D SCANNER",
  author = "Scan in a box",
  year   = "2015"
}
@manual{benewaketf03,
  title  = "TF03-180 Product Specification ",
  author = "Benewake",
  year   = "2018"
}
@manual{benewaketf02,
  title  = "TF02 Product Specification V3.3",
  author = "Benewake",
  year   = "2017"
}